---
---

% This file was created with JabRef 2.9.2.
% Encoding: MacRoman
@STRING{AHG = {Annals of Human Genetics}}

@STRING{AJHG = {American Journal of Human Genetics}}

@STRING{ARB = {Annual Review of Biochemistry}}

@STRING{ARCB = {Annual Review of Cell Biology}}

@STRING{BI = {Bioinformatics}}

@STRING{BIOGEN = {Biochemical Genetics}}

@STRING{BJLS = {Biological Journal of the Linnean Society}}

@STRING{BMB = {Bulletin of Mathematical Biology}}

@STRING{BMCBI = {BMC Bioinformatics}}

@STRING{CABIOS = {Computer Applications in the Biosciences}}

@STRING{CACM = {Communications of the ACM}}

@STRING{CELL = {Cell}}

@STRING{COCB = {Current Opinion in Cell Biology}}

@STRING{COGD = {Current Opinion in Genetics and Development}}

@STRING{ComputChem = {Computers and Chemistry}}

@STRING{COSB = {Current Opinion in Structural Biology}}

@STRING{CSHSQB = {Cold Spring Harbor Symposia Quantitative Biology}}

@STRING{EMBO = {EMBO Journal}}

@STRING{EVO = {Evolution}}

@STRING{GB = {Genome Biology}}

@STRING{GEN = {Genetics}}

@STRING{GR = {Genome Research}}

@STRING{JBSD = {Journal of Biomolecular Structure and Dynamics}}

@STRING{JCB = {Journal of Computational Biology}}

@STRING{JMB = {Journal of Molecular Biology}}

@STRING{JME = {Journal of Molecular Evolution}}

@STRING{JRSS = {Journal of the Royal Statistical Society, B}}

@STRING{JTB = {Journal of Theoretical Biology}}

@STRING{MBE = {Molecular Biology and Evolution}}

@STRING{MBIO = {Mathematical Biosciences}}

@STRING{MCB = {Molecular Cell Biology}}

@STRING{ME = {Methods in Enzymology}}

@STRING{MPE = {Molecular Phylogenetics and Evolution}}

@STRING{NAR = {Nucleic Acids Research}}

@STRING{Nature = {Nature}}

@STRING{NB = {Nature Biotechnology}}

@STRING{NC = {Neural Computation}}

@STRING{NG = {Nature Genetics}}

@STRING{NNB = {Nature New Biology}}

@STRING{PE = {Protein Engineering}}

@STRING{PHTRANSRB = {Philosophical Transactions of the Royal Society B}}

@STRING{PLOSCOMPBIO = {PLoS Computational Biology}}

@STRING{PNAS = {Proceedings of the National Academy of Sciences, USA}}

@STRING{PROCROYB = {Proceedings of the Royal Society B}}

@STRING{PROT = {Proteins}}

@STRING{PROTSCI = {Protein Science}}

@STRING{Science = {Science}}

@STRING{S = Science}

@STRING{SIAM = {SIAM Journal of Applied Mathematics}}

@STRING{SYSB = {Systematic Biology}}

@STRING{SZ = {Systematic Zoology}}

@STRING{TIBTECH = {Trends in Biotechnology}}

@STRING{TIGS = {Trends in Genetics}}

@article{drummond2006relaxed,
	Author = {Drummond, Alexei J and Ho, Simon YW and Phillips, Matthew J and Rambaut, Andrew},
	Journal = {PLoS biology},
	Number = {5},
	Pages = {e88},
	Publisher = {Public Library of Science},
	Title = {Relaxed phylogenetics and dating with confidence},
	Volume = {4},
	Year = {2006}}
	
@article{bouckaert2014beast,
  title={BEAST 2: a software platform for Bayesian evolutionary analysis},
  author={Bouckaert, Remco and Heled, Joseph and K{\"u}hnert, Denise and Vaughan, Tim and Wu, Chieh-Hsi and Xie, Dong and Suchard, Marc A and Rambaut, Andrew and Drummond, Alexei J},
  journal={PLoS computational biology},
  volume={10},
  number={4},
  pages={e1003537},
  year={2014},
  publisher={Public Library of Science}
}

@webpage{TreeAnnotator,
	Title = {TREEANNOTATOR},
	Url = {https://beast2.blogs.auckland.ac.nz/treeannotator/},
	Bdsk-Url-1 = {https://beast2.blogs.auckland.ac.nz/treeannotator/}}

@misc{Tracer,
	Author = {Rambaut, A and Suchard, MA and Xie, D and Drummond, AJ},
	Title = {Tracer v1. 6. 2014},
	Year = {2015}}
